@inbook{wille,
  author = "Wille, Rudolf",
  editor = "Rival, Ivan",
  title = "Restructuring Lattice Theory: An Approach Based on Hierarchies of
           Concepts",
  bookTitle = "Ordered Sets: Proceedings of the NATO Advanced Study Institute
               held at Banff, Canada, August 28 to September 12, 1981",
  year = "1982",
  publisher = "Springer Netherlands",
  address = "Dordrecht",
  pages = "445--470",
  isbn = "978-94-009-7798-3",
  doi = "10.1007/978-94-009-7798-3_15",
  url = "http://dx.doi.org/10.1007/978-94-009-7798-3_15",
}
